<?xml version="1.0" encoding="UTF-8"?><record xmlns="http://www.loc.gov/MARC21/slim" xmlns:cinclude="http://apache.org/cocoon/include/1.0" xmlns:zs="http://www.loc.gov/zing/srw/">
  <leader>00496nz  a2200133n  4500</leader>
  <controlfield tag="001">no2006046590</controlfield>
  <controlfield tag="003">DLC</controlfield>
  <controlfield tag="005">20060509051745.0</controlfield>
  <controlfield tag="008">060412n| acannaabn          |n aaa     c</controlfield>
  <datafield tag="010" ind1=" " ind2=" ">
    <subfield code="a">no2006046590</subfield>
  </datafield>
  <datafield tag="035" ind1=" " ind2=" ">
    <subfield code="a">(OCoLC)oca06932872</subfield>
  </datafield>
  <datafield tag="040" ind1=" " ind2=" ">
    <subfield code="a">NdU</subfield>
    <subfield code="b">eng</subfield>
    <subfield code="c">NdU</subfield>
  </datafield>
  <datafield tag="100" ind1="1" ind2=" ">
    <subfield code="a">Mitchell, Alice A.</subfield>
    <subfield code="q">(Alice Ann)</subfield>
  </datafield>
  <datafield tag="670" ind1=" " ind2=" ">
    <subfield code="a">A methodological examination of white racial consciousness and attitudes toward women, people who are deaf, gay men and lesbians, 1997:</subfield>
    <subfield code="b">(Alice A. Mitchell) t.p. verso (Alice Ann Mitchell)</subfield>
  </datafield>
</record>